<?xml version="1.0" encoding="UTF-8"?><collection xmlns="http://www.loc.gov/MARC21/slim"><record><leader>00375nam--2200121-i-4500</leader><controlfield tag="001">000024070</controlfield><controlfield tag="002">20161230</controlfield><controlfield tag="005">20161230201035</controlfield><controlfield tag="008">060222s1000------------r-----000-0-eng-d</controlfield><datafield ind1=" " ind2=" " tag="080"><subfield code="a">001.891(41.4):061(41-1)</subfield></datafield><datafield ind1=" " ind2=" " tag="245"><subfield code="a">Harwell research laboratory of the united kingdom atomic energy authority</subfield></datafield><datafield ind1=" " ind2=" " tag="260"><subfield code="a">Harell, United Kingdom Atomic Energy Authprity, 1980. 52p</subfield></datafield><datafield ind1=" " ind2=" " tag="852"><subfield code="a">49928</subfield></datafield></record></collection>